% Encoding: UTF-8
@Misc{2015,
  title        = {Car fuel consumptions and emissions 2000-2013},
  howpublished = {Open Knowledge International},
  year         = {2015},
  file         = {:2015 - Car fuel consumptions and emissions 2000-2013:},
  owner        = {Amruta Chavan},
  url          = {http://data.okfn.org/data/amercader/car-fuel-and-emissions#resource-data},
}

@Misc{2014,
  title        = {Fuel Economy Data},
  howpublished = {Wepage},
  year         = {2014},
  file         = {:2014 - Fuel Economy Data.html:URL},
  owner        = {Amruta Chavan},
  url          = {https://www.fueleconomy.gov/feg/download.shtml},
}

@Article{ConcernedScientists2014,
  author = {Union of Concerned Scientists},
  title  = {Cars and Global Warming},
  year   = {2014},
  file   = {:ConcernedScientists2014 - Cars and global warming.V_G1A-grLb0:},
  url    = {http://www.ucsusa.org/clean-vehicles/car-emissions-and-global-warming#.V_G1A-grLb0},
}

@Misc{Kadamati2015,
  author       = {Srini Kadamati},
  title        = {PySpark: How to install and Integrate with the Jupyter Notebook},
  howpublished = {Web Blog},
  month        = oct,
  year         = {2015},
  owner        = {Aditya Tanikanti},
  url          = {https://www.dataquest.io/blog/pyspark-installation-guide/},
}

@Misc{Walczak,
  author       = {Lynnette Walczak},
  title        = {4WD vs 2WD: The Differences Between Part-Time, Full-Time, Automatic \& AWD},
  howpublished = {WebBlog/Forum},
  file         = {:C\:\\Users\\AmrutaC\\Walczak - 4WD vs 2WD_ The Differences Between Part-Time, Full-Time, Automatic & AWD:},
  owner        = {AmrutaChavan},
  url          = {https://jeeps.thefuntimesguide.com/4x4_4wd/},
}

@Comment{jabref-meta: databaseType:bibtex;}
