% Encoding: UTF-8
@Misc{2015,
  title        = {Car fuel consumptions and emissions 2000-2013},
  howpublished = {Open Knowledge International},
  year         = {2015},
  file         = {:2015 - Car fuel consumptions and emissions 2000-2013:},
  url          = {http://data.okfn.org/data/amercader/car-fuel-and-emissions#resource-data},
}

@Misc{2014,
  title        = {Fuel Economy Data},
  howpublished = {Wepage},
  year         = {2014},
  file         = {:2014 - Fuel Economy Data.html:URL},
  owner        = {US Department of Energy},
  url          = {https://www.fueleconomy.gov/feg/download.shtml},
}

@Article{ConcernedScientists2014,
  author = {Union of Concerned Scientists},
  title  = {Cars and Global Warming},
  year   = {2014},
  file   = {:ConcernedScientists2014 - Cars and global warming.V_G1A-grLb0:},
  url    = {http://www.ucsusa.org/clean-vehicles/car-emissions-and-global-warming#.V_G1A-grLb0},
}
@Comment{jabref-meta: databaseType:bibtex;}
